%% This BibTeX bibliography file was created using BibDesk.
%% http://bibdesk.sourceforge.net/


%% Created for Thomas van den Berg at 2012-01-04 17:04:32 +0100 


%% Saved with string encoding Unicode (UTF-8) 



@article{slamet2008boosting,
	Author = {Slamet, B.A. and Visser, A. and Pfingsthorn, M.},
	Date-Added = {2012-01-04 15:52:00 +0000},
	Date-Modified = {2012-01-04 15:52:00 +0000},
	Publisher = {Citeseer},
	Title = {Boosting the Performance of Iterative Closest Point Scan Matching Algorithms using Quad Trees},
	Year = {2008}}

@inproceedings{pfister2002weighted,
	Author = {Pfister, S.T. and Kriechbaum, K.L. and Roumeliotis, S.I. and Burdick, J.W.},
	Booktitle = {Robotics and Automation, 2002. Proceedings. ICRA'02. IEEE International Conference on},
	Date-Added = {2012-01-04 15:08:31 +0000},
	Date-Modified = {2012-01-04 15:08:31 +0000},
	Organization = {IEEE},
	Pages = {1667--1674},
	Title = {Weighted range sensor matching algorithms for mobile robot displacement estimation},
	Volume = {2},
	Year = {2002}}
